<record><leader>00000cas a22000007a 4500</leader><controlfield tag="001">13287825</controlfield><controlfield tag="008">860312d19151927wiuwr ne      0    0eng d</controlfield><datafield ind1=" " ind2=" " tag="010"><subfield code="a">sn 86086366 </subfield></datafield><datafield ind1=" " ind2=" " tag="040"><subfield code="a">NPV</subfield><subfield code="b">eng</subfield><subfield code="c">NPV</subfield><subfield code="d">OCLCQ</subfield></datafield><datafield ind1=" " ind2=" " tag="042"><subfield code="a">msc</subfield></datafield><datafield ind1=" " ind2=" " tag="045"><subfield code="a">x1x2</subfield></datafield><datafield ind1=" " ind2=" " tag="052"><subfield code="a">4123</subfield><subfield code="b">S6</subfield></datafield><datafield ind1="0" ind2=" " tag="130"><subfield code="a">Plymouth review (Plymouth, Wis. : 1915)</subfield></datafield><datafield ind1="1" ind2="0" tag="245"><subfield code="a">Plymouth review.</subfield></datafield><datafield ind1="1" ind2="3" tag="246"><subfield code="a">Plymouth review and farm and dairy herald</subfield><subfield code="f">April 28, 1915-Jan. 12, 1916</subfield></datafield><datafield ind1="1" ind2="3" tag="246"><subfield code="a">Farm and dairy herald</subfield></datafield><datafield ind1=" " ind2=" " tag="260"><subfield code="a">Plymouth, Wis. :</subfield><subfield code="b">Review Pub.,</subfield><subfield code="c">1915-1927.</subfield></datafield><datafield ind1=" " ind2=" " tag="300"><subfield code="a">13 v. :</subfield><subfield code="b">ill.</subfield></datafield><datafield ind1=" " ind2=" " tag="310"><subfield code="a">Weekly</subfield></datafield><datafield ind1="0" ind2=" " tag="362"><subfield code="a">Vol. 20, no. 25 (Apr. 28, 1915)-v. 32, no. 4 (Jan. 6, 1927).</subfield></datafield><datafield ind1=" " ind2=" " tag="500"><subfield code="a">On masthead: Farm and dairy herald, April 28, 1915-April 28, 1926.</subfield></datafield><datafield ind1=" " ind2=" " tag="500"><subfield code="a">Publisher varies.</subfield></datafield><datafield ind1=" " ind2=" " tag="530"><subfield code="a">Available on microfilm from The State Historical Society of Wisconsin.</subfield></datafield><datafield ind1=" " ind2=" " tag="580"><subfield code="a">Merged with: Sheboygan herald, and Plymouth reporter, to form: Review herald reporter.</subfield></datafield><datafield ind1=" " ind2=" " tag="752"><subfield code="a">United States</subfield><subfield code="b">Wisconsin</subfield><subfield code="c">Sheboygan</subfield><subfield code="d">Plymouth.</subfield></datafield><datafield ind1="0" ind2="0" tag="780"><subfield code="t">Plymouth review, farm and dairy herald</subfield><subfield code="w">(DLC)sn 86086365</subfield></datafield><datafield ind1="1" ind2="7" tag="785"><subfield code="t">Sheboygan herald</subfield><subfield code="w">(DLC)sn 85040853</subfield></datafield><datafield ind1="1" ind2="7" tag="785"><subfield code="t">Plymouth reporter</subfield><subfield code="w">(DLC)sn 86086009</subfield></datafield><datafield ind1="1" ind2="7" tag="785"><subfield code="t">Review herald reporter</subfield><subfield code="w">(DLC)sn 86086367</subfield></datafield><datafield ind1="1" ind2=" " tag="029"><subfield code="a">AU@</subfield><subfield code="b">000025287480</subfield></datafield></record>